<record><leader>00000cas a2200000 a 4500</leader><controlfield tag="001">36206205</controlfield><controlfield tag="008">970114d19uu1926oruwr ne      0    0eng c</controlfield><datafield ind1=" " ind2=" " tag="010"><subfield code="a">sn 96088470 </subfield></datafield><datafield ind1=" " ind2=" " tag="040"><subfield code="a">OCN</subfield><subfield code="b">eng</subfield><subfield code="c">OCN</subfield><subfield code="d">OCLCQ</subfield><subfield code="d">ORU</subfield><subfield code="d">OCLCQ</subfield></datafield><datafield ind1=" " ind2=" " tag="042"><subfield code="a">pcc</subfield></datafield><datafield ind1=" " ind2=" " tag="043"><subfield code="a">n-us-or</subfield></datafield><datafield ind1="0" ind2="0" tag="245"><subfield code="a">Multnomah community press.</subfield></datafield><datafield ind1=" " ind2=" " tag="260"><subfield code="a">Multnomah, Or. :</subfield><subfield code="b">Pioneer Pub. Co.,</subfield><subfield code="c">-1926.</subfield></datafield><datafield ind1=" " ind2=" " tag="300"><subfield code="a">v.</subfield></datafield><datafield ind1=" " ind2=" " tag="310"><subfield code="a">Weekly</subfield></datafield><datafield ind1="0" ind2=" " tag="362"><subfield code="a">-v. 4, no. 22 (May 28, 1926).</subfield></datafield><datafield ind1=" " ind2=" " tag="588"><subfield code="a">Description based on: Vol. 3, no. 49 (Dec. 4, 1925).</subfield></datafield><datafield ind1=" " ind2="0" tag="651"><subfield code="a">Multnomah (Or.)</subfield><subfield code="v">Newspapers.</subfield></datafield><datafield ind1=" " ind2=" " tag="752"><subfield code="a">United States</subfield><subfield code="b">Oregon</subfield><subfield code="c">Multnomah</subfield><subfield code="d">Multnomah.</subfield></datafield><datafield ind1="0" ind2="0" tag="785"><subfield code="t">Multnomah press</subfield><subfield code="w">(DLC)sn 85042473</subfield><subfield code="w">(OCoLC)12527092</subfield></datafield><datafield ind1="1" ind2=" " tag="029"><subfield code="a">AU@</subfield><subfield code="b">000013023259</subfield></datafield></record>